<?xml version="1.0" encoding="UTF-8"?><collection xmlns="http://www.loc.gov/MARC21/slim"><record><leader>00597nam--2200181-i-4500</leader><controlfield tag="001">000030213</controlfield><controlfield tag="002">20161230</controlfield><controlfield tag="005">20161230201038</controlfield><controlfield tag="008">060222s1000------------r-----000-0-eng-d</controlfield><datafield ind1=" " ind2=" " tag="041"><subfield code="a">IFIN-HH</subfield></datafield><datafield ind1=" " ind2=" " tag="080"><subfield code="a">535.37</subfield></datafield><datafield ind1="1" ind2=" " tag="100"><subfield code="a">Kallmann, Hartmut P</subfield></datafield><datafield ind1="1" ind2="0" tag="245"><subfield code="a">Luminescence of organic and inorganic materials</subfield><subfield code="b">International conference new york univeristy washington square</subfield><subfield code="c">Hartmut p. kallmann; grace marmor spruch (eds.)</subfield></datafield><datafield ind1=" " ind2=" " tag="260"><subfield code="a">New York</subfield><subfield code="b">John Wiley &amp; Sons, Inc</subfield><subfield code="c">1962</subfield></datafield><datafield ind1=" " ind2=" " tag="300"><subfield code="a">XXIV + 664P</subfield></datafield><datafield ind1="1" ind2=" " tag="700"><subfield code="a">Spruch, Grace Marmor</subfield></datafield><datafield ind1=" " ind2=" " tag="852"><subfield code="a">18483</subfield><subfield code="c">535.37</subfield></datafield><datafield ind1=" " ind2=" " tag="CAT"><subfield code="a">Sys</subfield><subfield code="c">20110413</subfield><subfield code="h">144137</subfield></datafield></record></collection>